@book{womak:mastering-bitcoin,
    author  = {Andreas M. Antonopoulos},
    title   = {Mastering Bitcoin: Programming the Open Blockchain},
    publisher = {Oreilly \& Associates Inc},
    year    = {2017}
}

@book{womak:mastering-ethereum,
    author  = {Andreas M. Antonopoulos},
    title   = {Mastering Ethereum: Building Smart Contracts and Dapps},
    publisher = {Oreilly \& Associates Inc},
    year    = {2018}
}

@book{womak:mastering-blockchain,
    author  = {Imran Bashir},
    title   = {Mastering Blockchain: A deep dive into distributed ledgers, consensus protocols, smart contracts, DApps, cryptocurrencies, Ethereum, and more},
    publisher = {Packt Publishing},
    year    = {2020}
}

@online{site:agile-manifesto,
    title   = {Manifesto Agile},
    url     = {http://agilemanifesto.org/iso/it/}
}

@online{site:nft-in-poche-parole,
    title   = {NFT in poche parole},
    url     = {https://fourweekmba.com/non-fungible-tokens/}
}

@online{site:agile-school,
    title   = {Agile School},
    url     = {https://www.agile-school.com/}
}

@online{site:sync-lab,
    title   = {Sync Lab},
    url     = {https://www.synclab.it/}
}

@online{site:blockchain-osservatori,
    title   = {La blockchain spiegata semplice},
    url     = {https://blog.osservatori.net/it_it/blockchain-spiegazione-significato-applicazioni}
}

@online{site:blockchain-course,
    title   = {Corso dell'Universit√† degli Studi di Verona},
    url     = {https://github.com/spoto/blockchain-course}
}

@online{site:ipfs-documentation,
    title   = {Documentazione di IPFS},
    url     = {https://docs.ipfs.io/concepts/}
}

@online{site:tendermint-documentation,
    title   = {Documentazione di Tendermint},
    url     = {https://docs.tendermint.com/}
}

@online{site:solidity-documentation,
    title   = {Documentazione di Solidity},
    url     = {https://docs.soliditylang.org/en/v0.8.6/}
}

@online{site:solid-principles,
    title   = {Principi SOLID},
    url     = {https://www.digitalocean.com/community/conceptual_articles/s-o-l-i-d-the-first-five-principles-of-object-oriented-design}

}

@online{site:strategy-pattern,
    title   = {Strategy pattern},
    url     = {https://refactoring.guru/design-patterns/strategy}
}
